% This file was created with JabRef 2.10.
% Encoding: UTF8


@Book{digitalisierungsbericht2014,
  Title                    = {Digitalisierungsbericht 2014: Rundfunk und Internet - These, Antithese, Synthese?},
  Author                   = {Fuchs, Thomas and Hamann, Andreas},
  Publisher                = {VISTAS Verlag},
  Year                     = {2014},

  ISBN                     = {9783891585900},
  Owner                    = {knobli},
  Timestamp                = {2014.09.18}
}

@Book{gof_book,
  Title                    = {Design Patterns: Elements of Reusable Object-Oriented Software},
  Author                   = {Gamma, Erich and Helm, Richard and Johnson, Ralph and Vlissides, John},
  Publisher                = {Addison-Wesley Professional Computing Series},
  Year                     = {2009},

  Owner                    = {knobli},
  Timestamp                = {2014.09.17}
}

@Book{soft_arch_book,
  Title                    = {Basiswissen für Softwarearchitekten},
  Author                   = {Gharbi, Mahbouba and Koschel, Arne and Rausch, Andreas and Starke, Gernot},
  Editor                   = {Preisendanz, Christa},
  Publisher                = {dpunkt.verlag GmbH},
  Year                     = {2013},

  Owner                    = {knobli},
  Timestamp                = {2014.09.17}
}

@Book{proj_mgmt_book,
  Title                    = {Basiswissen - Software-Projektmanagement},
  Author                   = {Hindel, Bernd and Hörmann, Klaus and Müller, Markus and Schmied, Jürgen},
  Editor                   = {Preisendanz, Christa},
  Publisher                = {dpunkt.verlag GmbH},
  Year                     = {2009},
  Edition                  = {3., überarbeitete und erweiterte Auflage},

  Owner                    = {knobli},
  Timestamp                = {2014.09.10}
}

@Book{paper_usability,
  Title                    = {Improving a human-computer dialogue},
  Author                   = {Molich, Rolf and Nielsen, Jakob},
  Editor                   = {Peter J. Denning},
  Publisher                = {ACM New York},
  Year                     = {1990},

  Owner                    = {knobli},
  Timestamp                = {2014.09.17}
}

@Book{req_eng_book,
  Title                    = {Basiswissen - Requirements Engineering},
  Author                   = {Pohl, Klaus and Rupp, Chris},
  Editor                   = {Preisendanz, Christa and Schönfeldt, René and Lötsch, Nina},
  Publisher                = {dpunkt.verlag GmbH},
  Year                     = {2011},
  Edition                  = {3., korrigierte Auflage},

  Owner                    = {knobli},
  Timestamp                = {2014.07.11}
}

@Book{test_soft_book,
  Title                    = {Basiswissen Softwaretest},
  Author                   = {Spillner, Andreas and Linz, Tilo},
  Editor                   = {Preisendanz, Christa},
  Publisher                = {dpunkt.verlag GmbH},
  Year                     = {2012},
  Edition                  = {5., überarbeitete und aktualisierte Auflage},

  Owner                    = {knobli},
  Timestamp                = {2014.09.17}
}

@book{reid2011jquery,
  title={JQuery Mobile},
  author={Reid, Jon},
  isbn={9781449306687},
  series={Oreilly and Associate Series},
  year={2011},
  publisher={O'Reilly Media}
}

@book{dunglas2013persistence,
  title={Persistence in PHP with the Doctrine ORM},
  author={Dunglas, Kévin},
  isbn={9781782164111},
  year={2013},
  publisher={Packt Publishing}
}

@book{wargo2012phonegap,
  title={PhoneGap Essentials: Building Cross-platform Mobile Apps},
  author={Wargo, John M.},
  isbn={9780321814296},
  lccn={2012010042},
  year={2012},
  publisher={Addison-Wesley}
}

@book{feathers2004working,
  title={Working Effectively with Legacy Code},
  author={Feathers, Michael},
  isbn={9780132931755},
  series={Robert C. Martin Series},
  year={2004},
  publisher={Pearson Education}
}


@Standard{iso_9126,
  Title                    = {ISO/IEC 9126-1:2001 Software engineering - Product quality},

  Owner                    = {knobli},
  Timestamp                = {2014.09.17}
}

@Electronic{android_prov,
  Title                    = {Apps hochladen - Android Developer-Hilfe},
  Month                    = {September},
  Url                      = {https://support.google.com/googleplay/android-developer/answer/113469?hl=de},
  Year                     = {2014},

  Owner                    = {knobli},
  Timestamp                = {2014.09.17}
}

@Electronic{android_push_android,
  Title                    = {Getting Started | Android Developers},
  Month                    = {September},
  Url                      = {http://developer.android.com/google/gcm/gs.html},
  Year                     = {2014},

  Owner                    = {knobli},
  Timestamp                = {2014.09.17}
}

@Electronic{apple_event_sept_2014,
  Title                    = {Apple - Live - September 2014 Special Event},
  Month                    = {September},
  Url                      = {http://www.apple.com/live/2014-sept-event/},
  Year                     = {2014},

  Owner                    = {knobli},
  Timestamp                = {2014.09.18}
}

@Electronic{apple_prov_apple,
  Title                    = {App Distribution Guide: Submitting Your App},
  Month                    = {September},
  Url                      = {https://developer.apple.com/library/ios/documentation/IDEs/Conceptual/AppDistributionGuide/SubmittingYourApp/SubmittingYourApp.html},
  Year                     = {2014},

  Owner                    = {knobli},
  Timestamp                = {2014.09.17}
}

@Electronic{apple_prov_ralf,
  Title                    = {iOS: Veröffentlichung im App Store},
  Month                    = {September},
  Url                      = {http://www.ralfebert.de/ios/app-store-distribution/},
  Year                     = {2014},

  Owner                    = {knobli},
  Timestamp                = {2014.09.17}
}

@Electronic{cordova,
  Title                    = {Apache Cordova},
  Month                    = {Mai},
  Url                      = {http://cordova.apache.org/},
  Year                     = {2014},

  Owner                    = {knobli},
  Timestamp                = {2014.09.17}
}

@Electronic{devgirl_push_android,
  Title                    = {Tutorial: Implement Push Notifications in your PhoneGap Application : Devgirl's Weblog},
  Month                    = {September},
  Url                      = {http://devgirl.org/2013/07/17/tutorial-implement-push-notifications-in-your-phonegap-application/},
  Year                     = {2014},

  Owner                    = {knobli},
  Timestamp                = {2014.09.17}
}

@Electronic{heise_app_vs_tv,
  Title                    = {Umfrage: Smartphone für Menschen unter 40 wichtiger als Fernseher | heise online},
  Month                    = {September},
  Url                      = {http://www.heise.de/newsticker/meldung/Umfrage-Smartphone-fuer-Menschen-unter-40-wichtiger-als-Fernseher-2382585.html},
  Year                     = {2014},

  Owner                    = {knobli},
  Timestamp                = {2014.09.18}
}

@Electronic{inheritance_doctrine,
  Title                    = {7. Inheritance Mapping — Doctrine 2 ORM 2 documentation},
  Month                    = {Mai},
  Url                      = {http://doctrine-orm.readthedocs.org/en/latest/reference/inheritance-mapping.html},
  Year                     = {2014},

  Owner                    = {knobli},
  Timestamp                = {2014.09.17}
}

@Electronic{inheritance_java,
  Title                    = {Java Persistence/Inheritance - Wikibooks, open books for an open world},
  Month                    = {Mai},
  Url                      = {http://en.wikibooks.org/wiki/Java_Persistence/Inheritance},
  Year                     = {2014},

  Owner                    = {knobli},
  Timestamp                = {2014.09.17}
}

@Electronic{ios_push,
  Title                    = {Apple Push Notification Services in iOS 6 Tutorial: Part 1/2 - Ray Wenderlich},
  Month                    = {September},
  Url                      = {http://www.raywenderlich.com/32960},
  Year                     = {2014},

  Owner                    = {knobli},
  Timestamp                = {2014.09.17}
}

@Electronic{jquery_mobile,
  Title                    = {jQuery Mobile},
  Month                    = {Mai},
  Url                      = {http://jquerymobile.com/},
  Year                     = {2014},

  Owner                    = {knobli},
  Timestamp                = {2014.09.17}
}

@Electronic{mybalsamiq,
  Title                    = {myBalsamiq},
  Month                    = {September},
  Url                      = {http://balsamiq.com/products/mockups/mybalsamiq/},
  Year                     = {2014},

  Owner                    = {knobli},
  Timestamp                = {2014.09.17}
}

@Electronic{phonegap,
  Title                    = {Phonegap},
  Month                    = {Mai},
  Url                      = {http://phonegap.com/},
  Year                     = {2014},

  Owner                    = {knobli},
  Timestamp                = {2014.09.17}
}

@Electronic{php,
  Title                    = {PHP},
  Month                    = {September},
  Url                      = {http://de.wikipedia.org/wiki/PHP},
  Year                     = {2014},

  Owner                    = {knobli},
  Timestamp                = {2014.09.17}
}

@Electronic{phpunit,
  Title                    = {PHPUnit – The PHP Testing Framework},
  Month                    = {Juni},
  Url                      = {https://phpunit.de/},
  Year                     = {2014},

  Owner                    = {knobli},
  Timestamp                = {2014.09.17}
}

@Electronic{sonar,
  Title                    = {SonarSource - Continuous Inspection of Code Quality},
  Month                    = {Mai},
  Url                      = {http://www.sonarsource.com/},
  Year                     = {2014},

  Owner                    = {knobli},
  Timestamp                = {2014.09.17}
}

@Electronic{wiki_ajax,
  Title                    = {Ajax (Programmierung)},
  Month                    = {September},
  Url                      = {http://de.wikipedia.org/wiki/Ajax_(Programmierung)},
  Year                     = {2014},

  Owner                    = {knobli},
  Timestamp                = {2014.09.17}
}

@Electronic{wiki_json,
  Title                    = {JavaScript Object Notation},
  Month                    = {September},
  Url                      = {http://de.wikipedia.org/wiki/JavaScript_Object_Notation},
  Year                     = {2014},

  Owner                    = {knobli},
  Timestamp                = {2014.09.17}
}

@Electronic{wiki_mockup,
  Title                    = {Mock-up},
  Month                    = {May},
  Url                      = {http://de.wikipedia.org/wiki/Mock-up},
  Year                     = {2014},

  Owner                    = {knobli},
  Timestamp                = {2014.09.17}
}

@Electronic{wiki_orm,
  Title                    = {Objektrelationale Abbildung},
  Month                    = {September},
  Url                      = {http://de.wikipedia.org/wiki/Objektrelationale_Abbildung},
  Year                     = {2014},

  Owner                    = {knobli},
  Timestamp                = {2014.09.17}
}

@Electronic{wiki_restful,
  Title                    = {Representational State Transfer},
  Month                    = {September},
  Url                      = {http://de.wikipedia.org/wiki/Representational_State_Transfer},
  Year                     = {2014},

  Owner                    = {knobli},
  Timestamp                = {2014.09.17}
}

@Electronic{xamarin,
  Title                    = {Mobile Application Development to Build Apps in C\# - Xamarin},
  Month                    = {Mai},
  Url                      = {http://xamarin.com/platform},
  Year                     = {2014},

  Owner                    = {knobli},
  Timestamp                = {2014.09.17}
}

@Electronic{zhaw_mybalsamiq,
  Title                    = {ZHAW - myBalsamiq},
  Month                    = {May},
  Url                      = {https://zhaw.mybalsamiq.com/login},
  Year                     = {2014},

  Owner                    = {knobli},
  Timestamp                = {2014.09.17}
}

